3496 5214
208 320 284 407 ro
564 267 903 453 Descriptio
936 266 1275 408 *Linrarum

203 477 386 562 concursus
418 479 563 556 ducatur
597 506 659 593 per
691 485 782 565 hanc
816 482 958 575 rossam,
992 483 1199 582 Hyperbola
1230 477 1440 556 describetur
1472 501 1534 579 per
1560 475 1638 558 data

205 581 496 761 prgttKrSpIt-tlnsln
514 584 674 655 transiens
700 583 736 655 bc
751 582 840 658 dzitae
851 583 987 686 speciei,
1002 604 1102 658 motu
1121 581 1239 684 putasti
1257 575 1482 656 Pconcursus
1496 602 1635 660 crurum

255 778 291 854 Si
305 803 388 852 vcro
405 803 448 852 eir
468 777 546 852 data
563 779 679 851 axium
699 781 830 855 ratione
850 781 1053 878 Hyperbola
1067 780 1122 853 vel
1136 777 1284 877 Ellypsis
1302 777 1343 852 fit
1358 775 1635 863 determinanda,

206 877 240 955 id
261 901 304 949 ex
318 875 440 948 Corol.
455 879 582 973 primo,
608 880 713 977 Prop.
736 879 893 951 secundm
912 906 981 952 non
994 877 1180 954 difficulter
1196 875 1395 952 conficitur.

208 973 489 1146 arblpllsll
507 977 1093 1152 ”lsssssglssfdttb
1108 971 1637 1149 al⁰3tl¹⁰2pllfilsi²md0⁸ssffclil

35 1225 37 1228 -
126 1220 141 1258 s
202 1169 256 1244 'sus
275 1098 509 1246 crurumgCL
537 1171 573 1243 ὅ(
597 1171 655 1245 SL
681 1195 718 1244 ut
738 1176 830 1269 prius
850 1173 981 1272 punslo
1008 1173 1059 1263 T,
1086 1172 1122 1244 bc
1154 1101 1451 1245 int'erespnotetur
1468 1168 1635 1266 puudlum

97 1350 100 1353 ,
207 1271 319 1349 Aubi
338 1290 550 1343 concurrunt
571 1294 670 1342 crura
697 1272 760 1343 CF
779 1271 814 1344 &
832 1273 917 1357 SK;
946 1271 1154 1346 describatur
1171 1270 1333 1343 Circulos
1350 1292 1490 1367 quoque
1540 1293 1576 1341 er
1603 1269 1636 1341 C

207 1369 244 1443 δί
266 1370 289 1444 S
313 1370 367 1440 cui
386 1369 477 1440 idem
495 1368 638 1467 angulus
658 1368 790 1445 irscribi
811 1374 954 1469 poterit,
975 1371 1135 1444 datorum
1161 1370 1246 1442 nim.
1272 1367 1367 1441 Lcs
1387 1367 1423 1438 &
1445 1292 1538 1438 st
1559 1366 1637 1466 sup·

207 1467 422 1564 plementum
443 1466 482 1539 ad
501 1467 587 1539 duos
607 1486 666 1538 aut
687 1492 833 1566 quatuor
851 1466 975 1560 reatos,
1001 1470 1098 1564 cujus
1115 1488 1273 1540 centrum
1287 1467 1325 1541 O
1349 1465 1539 1538 dabitur&
1564 1470 1637 1541 Ra-

207 1565 281 1637 dius
299 1566 375 1639 OY
392 1569 425 1637 iu
440 1589 510 1664 quo
522 1565 714 1662 investigari
735 1567 848 1664 potest
870 1570 1035 1665 punelum
1051 1567 1088 1638 X
1105 1567 1170 1637 hac
1183 1568 1327 1637 ratione.
1345 1563 1416 1656 ,Ex
1440 1562 1637 1662 dataspecie

207 1661 337 1736 Curvae
356 1661 456 1736 datur
475 1664 563 1735 ratio
587 1663 774 1737 Lineatum
802 1665 876 1738 GX
898 1665 935 1738 ὅ(
955 1665 1044 1757 ΥΧ,
1070 1689 1150 1764 quae
1166 1662 1242 1736 sunt
1263 1684 1302 1736 ut
1330 1663 1435 1736 lat'era
1461 1662 1638 1760 Quadrata

204 1762 542 1859 axiumper-Corol.
561 1762 591 1832 1.
640 1764 745 1859 Prop.
767 1765 814 1835 H.
866 1763 1017 1836 Proinde
1039 1763 1139 1836 datur
1154 1764 1242 1834 ratio
1260 1761 1337 1835 ΟΧ
1361 1761 1403 1833 ad
1421 1761 1511 1852 OY,
1535 1763 1637 1856 adeo·

206 1883 273 1958 que
291 1884 371 1936 cum
389 1859 491 1934 detur
511 1860 602 1952 OY,
619 1858 764 1933 dabitur
786 1863 875 1936 ΟΧ.
927 1862 1061 1935 Centro
1077 1862 1129 1951 O,
1155 1861 1250 1932 radio
1270 1885 1353 1933 vero
1370 1860 1459 1950 ΟΧ,
1484 1861 1567 1934 alius
1579 1863 1638 1938 do

204 1957 371 2036 scribatur
386 1957 546 2050 circulus,
571 1960 628 2030 cui
646 1978 790 2060 tangens
802 1959 949 2033 ducatur
964 1984 1007 2038 eur
1020 1963 1092 2059 jam
1113 1960 1342 2031 determinato
1359 1957 1490 2060 pundo
1508 1963 1541 2033 A
1557 1985 1566 2033 :
1600 1963 1638 2036 Si

206 2055 402 2133 Concursus
416 2082 563 2130 crurum
591 2056 712 2151 CF&
737 2059 802 2133 -sK
823 2058 967 2132 ducatur
985 2084 1053 2158 per
1071 2059 1169 2131 banc
1200 2055 1329 2133 tesiam
1354 2059 1535 2132 Circulum
1564 2079 1639 2132 tan·

167 2250 169 2254 ι
201 2175 363 2255 gentem,
390 2153 586 2228 Concursus
602 2178 746 2228 crurum
767 2157 976 2256 reliquorum
995 2156 1063 2234 CL
1086 2152 1122 2227 &
1144 2153 1207 2231 SL
1227 2153 1395 2230 describet
1405 2156 1566 2230 ..Curvam
1579 2159 1639 2231 da·

199 2273 255 2333 tae
281 2253 405 2353 speciei
426 2277 488 2352 per
505 2255 587 2326 data
612 2272 759 2352 quatuor
786 2254 914 2354 punsla
935 2255 1177 2340 transeuntem.
1226 2254 1320 2325 Hae'c
1340 2254 1390 2326 est
1414 2254 1637 2331 Construssio

207 2376 309 2448 quam
339 2349 462 2450 absque
490 2353 796 2426 Demonstrationc
825 2355 971 2452 protulit
992 2355 1039 2433 D.
1055 2357 1228 2426 Neuronus
1249 2355 1285 2424 in
1309 2353 1430 2426 Schol.
1455 2355 1557 2447 Prop.
1579 2379 1638 2453 27.

204 2452 282 2531 Lib.
306 2474 337 2526 r.
364 2449 514 2546 Princip.
540 2475 677 2524 cavero
696 2476 739 2523 ex
759 2456 864 2530 Corol.
886 2477 918 2530 1.
945 2453 1047 2546 Prrp.
1065 2475 1098 2523 2.
1124 2450 1225 2524 facile
1242 2450 1473 2548 consequitur.

254 2555 361 2624 Coros.
388 2550 419 2622 Ι.
470 2549 564 2622 Cum
579 2575 624 2628 ex
644 2548 776 2647 puncto
796 2554 917 2648 quovis
950 2551 980 2622 A
1004 2549 1087 2622 duae
1100 2549 1188 2624 ,duci
1206 2544 1331 2648 polline
1350 2569 1539 2647 ,tangentes
1556 2549 1636 2624 Cir-

162 2667 173 2672 ’·
194 2651 308 2736 culo,
344 2666 440 2748 patet
464 2646 546 2720 duas
574 2649 726 2721 Conicas
757 2649 933 2741 sessiones,
959 2647 1109 2746 ejusdem
1136 2646 1275 2747 speciei,
1301 2672 1362 2745 per
1387 2648 1638 2748 datarquatuor

205 2746 334 2846 punsla
350 2744 443 2844 poss'e
459 2746 553 2819 duci.
606 2745 723 2820 Unica
738 2767 873 2821 tantum
889 2747 992 2822 sectio
1009 2746 1148 2821 Conica
1165 2764 1227 2844 per
1239 2749 1403 2844 quinque,
1416 2746 1494 2820 data
1512 2747 1639 2842 ponera

205 2847 287 2920 duci
310 2844 450 2942 potest3
474 2869 553 2916 nam
570 2843 595 2918 st
612 2845 690 2921 duae
707 2869 769 2943 per
791 2846 916 2921 eadem
942 2846 1094 2944 quinque
1115 2843 1241 2942 punsla
1259 2844 1452 2934 transirent,
1476 2845 1556 2917 duae
1567 2847 1635 2919 Li*

203 2968 281 3034 neae
302 2943 441 3018 secundi
471 2942 615 3018 Ordinis
634 2943 667 3018 se
693 2951 817 3018 mutuo
846 2944 957 3019 secare
980 2946 1115 3041 pollent
1136 2945 1173 3014 in
1195 2943 1347 3041 pluribus
1370 2939 1506 3042 punslis
1533 2968 1636 3041 quarn

231 3064 363 3116 ualuor.
1092 3100 1098 3114 .
1183 3086 1186 3091 ·

205 3069 227 3143 q
256 3145 362 3215 Corol.
389 3143 437 3215 ΙΙ.
489 3139 635 3213 Eaedem
658 3138 787 3213 Curvae
812 3132 956 3216 describi
982 3142 1119 3241 possunt
1148 3141 1247 3216 variis
1277 3138 1466 3214 admodum
1492 3140 1640 3240 Angulis

204 3243 242 3316 &
276 3240 482 3314 diversarum
514 3237 703 3314 Reuarum
736 3242 831 3337 Ope.
881 3238 1026 3339 Quippe
1054 3241 1186 3317 caedem
1209 3239 1481 3314 describerentur
1504 3237 1640 3313 Curuae

206 3336 376 3437 srjunclis
398 3340 444 3429 C,
472 3339 495 3410 S
520 3335 610 3409 &B
635 3338 689 3410 vel
716 3338 766 3428 D,
792 3341 840 3429 A,
864 3338 897 3412 C
922 3337 1284 3418 diversisumerentur-
1306 3337 1452 3434 Auguli,
1474 3335 1516 3410 &
1537 3335 1638 3414 reslae
1722 3428 1726 3434 Ι

83 3447 84 3450 ’
205 3459 346 3536 quoque
363 3436 647 3536 investigaremus
666 3434 807 3524 diversae
823 3436 866 3511 ab
890 3440 929 3510 iis
944 3460 1026 3537 quas
1044 3462 1105 3512 nos
1120 3436 1351 3513 adhibuimus.

257 3636 389 3711 Curvae
416 3636 518 3730 Prop.
551 3637 579 3708 l.
622 3632 801 3734 descriptae
820 3638 996 3735 integrum
1026 3659 1206 3710 curvarum
1228 3633 1372 3733 systema
1392 3633 1608 3710 constituunt
1622 3668 1639 3724 .;

209 3755 314 3832 atque
345 3759 396 3808 eae
421 3736 501 3810 solae
530 3734 718 3811 Linearum
745 3726 915 3807 Ordinem
942 3736 1128 3808 secundum
1157 3736 1350 3833 complent.
1401 3733 1471 3807 Hae
1501 3735 1641 3809 fuerunt

203 3853 364 3921 'veterum
386 3834 655 3906 Geometrarum
674 3834 821 3926 deliciae,
847 3857 991 3932 quarum
1004 3834 1229 3933 speculationi
1246 3834 1433 3930 plurimum
1452 3831 1638 3907 admodum

204 3931 448 4021 indulserunt,
473 3956 538 4004 nec
557 3930 628 4013 ullo
650 3929 908 4028 supersedebant
934 3932 1079 4025 Labori,
1103 3955 1143 4005 ut
1167 3955 1281 4004 earum
1307 3932 1538 4031 Proprietates
1558 3933 1641 4006 licet

103 4031 106 4036 ’
207 4032 359 4118 maxime
377 4031 589 4128 Complexas
620 4032 796 4122 rimarem,
823 4029 860 4103 &
880 4027 1073 4107 secundum·
1088 4028 1412 4106 Methodumsuam
1427 4029 1641 4104 demonstra·

207 4127 360 4219 tionibus
375 4129 587 4227 elegantibus
603 4130 790 4205 admodum
805 4149 976 4203 ornarent.
1027 4131 1163 4204 Harum
1178 4153 1261 4200 vero
1279 4128 1484 4201 Geometria
1500 4131 1639 4202 tandem

209 4247 376 4322 quantum
408 4227 483 4300 fieri
512 4228 633 4326 potest·
654 4227 806 4326 persedba
828 4227 1051 4322 reddita'est,
1077 4227 1265 4327 sublimiori
1292 4229 1417 4299 horum
1446 4223 1639 4300 seculorum

200 4321 415 4420 ‚Geometra,
440 4328 500 4426 qui
524 4353 640 4402 earum
665 4326 858 4402 Theoriam
884 4325 1042 4419 absolvit,
1078 4327 1177 4401 variis
1210 4326 1250 4397 iis
1273 4327 1337 4396 viis
1365 4323 1488 4422 quibus
1518 4323 1640 4399 sectio·

205 4445 267 4499 nes
283 4426 436 4515 conicas,
459 4426 514 4498 vel
531 4427 617 4500 datis
631 4424 817 4520 umbilicis,
844 4425 950 4504 veliis
969 4451 1041 4503 non
1053 4425 1153 4516 datis,
1177 4423 1420 4500 determinavit
1438 4425 1473 4494 in
1490 4424 1640 4518 Prinrrp.

201 4522 288 4617 gleb.
308 4546 341 4599 r.
358 4523 631 4625 ,Sessiouibus4
655 4523 693 4614 ,ὅῑ
718 4545 755 4624 5.
815 4605 820 4629 x
1147 4520 1149 4524 Α

1469 4717 1644 4817 Egregius

1631 4835 1642 4876 1
