3496 5214
199 284 320 402 ¹24·
560 229 899 408 Descriptio
914 321 920 325 -
941 228 1269 370 Horarum

192 453 270 505 ram
288 426 448 504 describit
479 427 514 503 in
532 423 663 527 puncto
681 426 729 520 L,
753 430 820 502 erit
837 450 876 500 ea
892 423 1263 542 veloci-[aspersam.
1279 423 1404 502 didam
1422 429 1459 505 ὃ(
1477 436 1621 534 quadra·

196 618 308 675 turam
322 591 677 699 Hyperbolaealtioris
691 599 825 699 generis
838 616 878 672 ut
891 546 932 674 ‘d
933 559 1124 734 ffl,
1164 593 1219 671 sed
1245 573 1409 674 velocitas
1446 604 1484 676 in
1511 583 1545 678 L'
1575 610 1624 684 est

195 839 328 942 &mper
344 843 521 940 reciproce
539 862 579 915 ut
599 840 882 941 perpendiculum
910 842 977 935 SP,
1002 839 1156 940 adeoque
1170 841 1235 915 erit
1250 841 1304 916 st
1322 861 1360 915 ut
1378 784 1620 1009 sarz-{¹¹5}

199 1008 235 1081 Si
253 1030 378 1102 corpus
395 1007 597 1102 projiciatur
612 1002 798 1076 secundum
816 1005 970 1102 quamvis
985 1001 1211 1079 dirediionem
1236 1002 1423 1078 velocitate
1439 1029 1542 1102 quam
1566 1032 1624 1082 ac·

199 1105 349 1200 quireret
365 1102 520 1174 cadendo
540 1103 582 1173 ab
605 1100 740 1174 infinita
756 1101 913 1174 distantia
941 1101 984 1172 ad
1000 1101 1214 1175 altitudinem
1244 1099 1334 1172 suam
1353 1101 1518 1178 describet
1542 1130 1623 1178 cur·

197 1225 277 1274 ram
293 1203 437 1299 aliquam
457 1224 573 1272 earum
594 1223 675 1296 quas
693 1201 793 1294 Prop.
815 1222 870 1296 ¹5·
897 1197 1183 1272 confideravimus
1195 1231 1210 1285 3
1235 1223 1313 1271 nam
1339 1200 1622 1300 perpendiculum

182 1349 256 1462 ‘st’
277 1351 392 1422 erit'ut
410 1321 536 1486 νΨ-ἷ]
571 1346 725 1444 adeoque
743 1365 783 1419 ut
800 1347 950 1446 potestas
972 1347 1084 1445 aliqua
1107 1347 1201 1419 radii.

252 1507 1631 1612 InfinitaealiaeexcogitaripossuntmethodiparticulamqquibusLineaealiquae

200 1630 319 1680 curvae
333 1609 584 1706 complexiores
600 1631 643 1683 ex
664 1606 927 1706 simplicioribus
943 1607 1094 1679 conllrui
1113 1627 1277 1702 poterunt
1293 1628 1418 1706 ptaeter
1431 1605 1631 1708 eam'quam

201 1703 1630 1805 hacProp.&praecedentisebtionefusetrablavimusrfiquidemveroomnibusim·

203 1805 328 1876 morari
346 1827 416 1874 non
435 1805 549 1892 liceat,
565 1803 709 1877 sufficiat
732 1825 881 1875 noscam
897 1802 1083 1876 adhibuisse
1102 1822 1263 1900 tanquam
1288 1803 1490 1900 reliquarum
1509 1831 1627 1880 exem·

201 1903 298 2000 plum
319 1923 398 1999 quae
418 1901 604 1999 insigniora
619 1900 811 1999 suppeditat
833 1903 1047 1974 theoremata
1069 1899 1105 1973 &
1127 1897 1226 1974 simul
1241 1899 1282 1973 ad
1302 1922 1421 1974 motus
1434 1927 1622 2001 corporum

203 1999 407 2072 curvilineos
423 2000 589 2072 eruendos
614 1996 886 2071 commodislima
909 1997 969 2070 est.
1021 1999 1064 2070 ln
1083 2021 1196 2071 rerum
1230 2016 1348 2070 natura
1365 2003 1520 2072 omnium
1548 2026 1630 2074 cor·

204 2119 329 2194 porum
351 2097 437 2170 vires
453 2099 576 2195 quibus
600 2101 636 2169 in
654 2097 748 2169 lineis
765 2099 881 2168 curvis
893 2094 1183 2168 circumferuntur
1210 2095 1321 2168 versus
1340 2120 1446 2169 unum
1467 2098 1627 2197 idemque

204 2213 362 2269 centrum
379 2193 594 2292 diriguntur,
621 2216 725 2292 atque
748 2217 791 2263 ea
811 2191 879 2290 ipsa
894 2195 1130 2266 Phaenomena
1149 2216 1228 2290 quoe
1251 2219 1313 2290 per
1336 2217 1516 2267 curvarum
1534 2197 1630 2269 ordi-

204 2294 311 2367 natim
329 2293 513 2387 applicatas
529 2293 573 2365 ad·
596 2292 688 2365 datas
711 2314 789 2364 artes
817 2293 981 2389 explicari
1011 2290 1132 2382 solent,
1159 2289 1358 2363 fiaccurate
1374 2297 1631 2386 examinentur,
1729 2333 1732 2337 <

205 2388 338 2487 patebit
353 2413 392 2460 ea
409 2389 451 2461 ad
466 2414 572 2462 unum
595 2410 753 2462 centrum
770 2389 872 2461 etiam
907 2388 1029 2461 referri
1049 2387 1183 2461 debete.
1235 2389 1277 2460 ln
1311 2409 1429 2462 natura
1446 2391 1538 2463 nulla
1566 2417 1627 2465 ex-

206 2488 277 2560 istit
293 2488 365 2559 axis
388 2487 544 2561 ordinata
567 2505 627 2560 aut
644 2487 793 2579 abscidi,
819 2484 873 2560 sed
888 2509 1014 2584 corpus
1034 2484 1076 2559 ad
1095 2486 1287 2560 distantiam
1307 2487 1453 2584 aliquam
1468 2510 1560 2562 certa
1576 2491 1628 2573 dl-

205 2580 359 2658 rectione
393 2604 507 2657 motus
533 2609 675 2659 curvam
696 2582 888 2658 describens
917 2583 955 2656 &
978 2605 1137 2657 centrum
1158 2586 1282 2658 vitium
1307 2585 1443 2682 aliquod
1469 2610 1630 2662 accurate

206 2682 263 2757 rel
277 2684 541 2781 quamproxime
565 2685 765 2757 immotum.
816 2682 872 2754 Ex
891 2681 1074 2756 velocitate
1099 2687 1193 2780 (quae
1217 2681 1348 2779 semper·
1369 2683 1418 2754 est
1449 2688 1635 2782 reciproce

207 2799 247 2854 ut
269 2779 553 2879 perpendiculum
570 2783 606 2853 in
624 2777 852 2852 directionem-
866 2799 981 2852 motus
995 2783 1164 2879 corporis)
1183 2779 1229 2851 '&
1253 2777 1320 2876 ipsa
1337 2803 1452 2852 motus
1468 2783 1630 2858 dirediio·

209 2901 270 2968 ne,
292 2881 390 2976 cujus
421 2877 574 2951 mensura
602 2901 647 2949 ex
676 2876 797 2967 eodem
825 2876 1074 2976 perpendiculo
1104 2874 1153 2948 eu
1178 2876 1337 2974 petenda,
1363 2881 1491 2976 pendet
1511 2902 1629 2956 natura

207 2999 326 3049 curvae
341 2975 419 3068 data
433 2975 468 3046 vi
492 2973 678 3074 descripta,
700 2971 768 3047 five
791 2975 848 3048 lex
872 2979 923 3050 vis
946 2978 1149 3072 centripetae
1168 2978 1203 3044 in
1220 2973 1298 3047 data
1314 2998 1430 3048 curva.
1480 2978 1631 3052 Proinde

207 3073 392 3159 methodus
415 3073 493 3146 haec
510 3097 631 3147 curras
657 3071 897 3146 considerandi.
915 3096 1017 3171 quam
1042 3071 1313 3170 praecedentibus
1337 3072 1635 3171 Proposrtionibus

204 3169 336 3268 aliquot
372 3171 618 3268 explicavimus
640 3171 681 3242 ad
708 3170 947 3244 Geometriam
978 3169 1213 3267 Philosophiae
1241 3170 1373 3245 facilius
1393 3173 1628 3269 applicandam

207 3267 481 3342 commodissima
504 3270 582 3354 est,
624 3270 776 3366 cumque
801 3265 899 3340 fimul
925 3267 1048 3340 Lineae
1077 3291 1194 3340 curvae
1229 3266 1353 3364 aliquae
1386 3272 1546 3343 ordinum
1565 3277 1633 3346 ¹al-

198 3369 353 3458 “tio'tutn,
378 3390 456 3464 quae
487 3367 550 3439 alia
569 3367 702 3438 ratione
726 3390 795 3437 non
820 3367 920 3439 facile
953 3364 1097 3439 describi
1121 3366 1271 3462 possunt,
1304 3369 1375 3463 ejus
1397 3385 1465 3463 ope
1488 3372 1639 3465 pulchre

193 3464 465 3555 construantur,
481 3465 636 3537 ulteriori
649 3465 715 3536 hac
731 3463 954 3535 illustratione
972 3462 1077 3561 digna
1092 3463 1272 3537 videbatur
1288 3487 1370 3536 cum
1397 3484 1467 3536 non
1487 3465 1562 3540 satis
1581 3471 1631 3542 lu.-

210 3561 366 3634 eulenter
386 3564 557 3660 explicata
577 3562 624 3636 srt
648 3566 684 3634 in
709 3567 803 3635 Acris
831 3561 1064 3657 Philafirphicis
1094 3561 1153 3633 N⁰
1174 3583 1253 3661 359.
1301 3562 1498 3635 Fatendum
1519 3582 1637 3638 tamen,

151 3689 152 3693 ¹
178 3725 179 3728 ,
209 3661 377 3733 rationem
397 3662 480 3733 radii
498 3657 537 3731 ad
558 3661 840 3758 perpendiculum
869 3683 969 3757 quam
1002 3685 1066 3758 pro
1090 3659 1210 3731 Lineae
1234 3683 1351 3734 curvae
1378 3663 1571 3756 aequatione
1596 3691 1635 3738 u·

209 3754 433 3855 surpavimus,
457 3749 527 3829 non
554 3759 640 3830 adeo
669 3759 770 3855 plene
795 3780 934 3828 curvam
963 3757 1190 3832 determinare
1207 3759 1243 3828 in
1261 3758 1357 3830 omni
1382 3757 1458 3830 casu
1476 3784 1516 3832 ac
1549 3761 1633 3859 eius·

210 3855 291 3928 dem
314 3856 544 3950 aequationem
575 3855 616 3925 ad
649 3878 749 3926 axem
774 3853 944 3952 positione
968 3853 1110 3952 datam,
1131 3879 1209 3928 uam
1235 3853 1414 3952 postquam
1440 3857 1518 3929 haec
1549 3863 1634 3932 tatio

211 3951 372 4047 indagata
388 3952 437 4024 est.
452 3952 607 4025 ulteriori
622 3971 713 4052 'opus
727 3953 776 4025 est
791 3951 926 4026 calculo
952 3951 1034 4044 (nist.
1056 3956 1091 4025 in
1111 3952 1243 4027 casabus
1262 3950 1461 4049 specialibus
1478 3978 1640 4051 quorum.

212 4047 343 4143 aliquos
359 4048 457 4146 supra
474 4047 705 4141 erudivimus)
731 4052 771 4123 ad
795 4074 912 4123 curvae
929 4050 1080 4123 indolem
1099 4052 1233 4148 penitus
1250 4048 1529 4146 dignoscendam.

256 4145 320 4219 Ex
337 4147 438 4240 Prope
456 4170 512 4244 15.
540 4174 606 4246 qua
621 4147 772 4224 infinitas
791 4172 973 4224 curvarum
990 4148 1087 4222 series
1098 4153 1211 4225 curvis
1234 4147 1529 4243 duabus-ejusdem
1545 4153 1637 4226 seriei

214 4261 317 4341 atque
350 4241 449 4316 reblis
489 4245 672 4320 mensurari
706 4249 807 4347 posse¹
834 4245 1165 4339 demonstravimus,
1207 4244 1421 4347 quadraturae
1447 4247 1560 4344 plures
1589 4250 1636 4320 sa·

213 4343 278 4418 cili
312 4343 493 4417 ratiocinio
534 4342 654 4442 colligi
688 4346 851 4447 poliunt.
894 4346 931 4420 si
964 4347 1056 4420 enim
1096 4369 1213 4423 cutvae
1237 4341 1383 4442 cujusvis
1416 4342 1573 4421 ordinata
1596 4345 1644 4419 fit
1721 4376 1729 4397 ³

1573 4459 1589 4489 sl

1520 4507 1633 4614 ,ort
